@misc{wiki:IE,
  author = {Information extraction},
  title = {{Information extraction} IE},
  url = {https://en.wikipedia.org/wiki/Information\_extraction},
  urldate = {20.05.2018}
}